%% This BibTeX bibliography file was created using BibDesk.
%% http://bibdesk.sourceforge.net/

%% Created for Markus Sch√§fer at 2019-07-05 13:00:09 +0200 


%% Saved with string encoding Unicode (UTF-8) 



@book{KitaMana,
	Address = {G{\"o}ttingen},
	Author = {Dieckbreder (Hg.), Frank AND Koschmider (Hg.), Susanne AND Sauer (Hg.), Martin},
	Edition = {1. Aufl.},
	Isbn = {978-3-525-70113-3},
	Publisher = {Vandenhoeck und Ruprecht},
	Title = {Kita-Management - Haltungen - Methoden - Perspektiven},
	Year = {2014}}

@book{kreidenweis2012,
	Address = {Stuttgart},
	Author = {Kreidenweis, Helmut},
	Edition = {2. Aufl.},
	Publisher = {Nomos},
	Series = {UTB},
	Title = {Lehrbuch Sozialinformatik},
	Year = {2012}}

@book{Merchel2005,
	Address = {Weinheim, M{\"u}nchen},
	Author = {Merchel, Joachim},
	Isbn = {978-3-779-91877-6},
	Publisher = {Juventa-Verlag},
	Title = {Organisationsgestaltung in der Sozialen Arbeit - Grundlagen und Konzepte zur Reflexion, Gestaltung und Ver{\"a}nderung von Organisationen},
	Year = {2005}}

@techreport{ISO9001,
	Address = {Bruessel},
	Institution = {Comit{\'e} Europ{\'e}en de Normalisation},
	Key = {{EN ISO 9001:2015}},
	Publisher = {Beuth Verlag},
	Title = {Qualit{\"a}tsmanagementsysteme --- Anforderungen (ISO 9001:2015)},
	Type = {Standard},
	Volume = {2015},
	Year = {2015}}

@book{studi14,
	Adress = {Koblenz},
	Author = {Haderlein (Hg.), Prof. Dr. Ralf AND Viernickel, Prof. Dr. Susanne},
	Publisher = {Bildungs- und Sozialmanagemnt mit Schwerpunkt fr{\"u}he Kindheit, Fachbereich Sozialwissenschaften, Hochschule Koblenz},
	Title = {Qualit{\"a}tskriterien und -standards im Bereich der fr{\"u}hkindlihcne Bildung und Betreuung},
	Volume = {2},
	Year = {2008}}

@book{kromrey2009,
	Address = {Stuttgart},
	Author = {Kromrey, Helmut},
	Edition = {12},
	Isbn = {978-3-828-20484-3},
	Publisher = {Lucius \& Lucius},
	Title = {Empirische Sozialforschung - Modelle und Methoden der standardisierten Datenerhebung und Datenauswertung},
	Year = {2009}}

@online{pdca,
	Title = {Was ist der Plan-Do-Check-Act-Zyklus},
	Year = {2019},
	Date-Modified = {2019-07-05 13:00:04 +0200},
	Lastchecked = {04.07.2019},
	Url = {https://kanbanize.com/de/lean-management-de/verbesserung/was-ist-pdca-zyklus/}}
